<?xml version="1.0" encoding="UTF-8"?><collection xmlns="http://www.loc.gov/MARC21/slim"><record><leader>00403nam--2200133-i-4500</leader><controlfield tag="001">000007569</controlfield><controlfield tag="002">20161230</controlfield><controlfield tag="005">20161230201027</controlfield><controlfield tag="008">060222s1000------------r-----000-0-eng-d</controlfield><datafield ind1=" " ind2=" " tag="080"><subfield code="a">061.62(047:41-4):621.039(047:41-4)</subfield></datafield><datafield ind1=" " ind2=" " tag="245"><subfield code="a">Atomic energy establishment wifrith. annual re port 1965</subfield></datafield><datafield ind1=" " ind2=" " tag="260"><subfield code="a">Winfrith, United Kingdom Atomic Energy Author Ity, 1966. 87 P</subfield></datafield><datafield ind1=" " ind2=" " tag="490"><subfield code="a">Annual Report</subfield></datafield><datafield ind1=" " ind2=" " tag="852"><subfield code="a">23481</subfield></datafield></record></collection>